@misc{minizinc,
    author = "MiniZinc Team",
	title = "\url{https://www.minizinc.org/}",
}

@misc{stackoverflow,
	author = "Stack Exchange Inc",
	title = "\url{https://stackoverflow.com/questions/tagged/minizinc}",
}

@misc{chatgpt,
	author = "Open IA",
	title = "\url{https://chat.openai.com/}",
}

@misc{mesejo,
	author = "Pablo Mesejo Santiago",
	title = "Presentaci√≥n practica 2",
	year = "2023",
}