@misc{parsimonious,
	author = "Hosseinali Salemi and Austin Buchanan. ",
	title = "\textit{Parsimonious formulations for low-diameter clusters}. \url{https://austinlbuchanan.github.io/files/Parsimonious%20formulations%20for%20low-diameter%20clusters.pdf}",
	year = "2020",
}

@misc{perlindstrand,
       author = "Per Lindstrand. M.Sc. in Computer Science and Engineering with a specialization in Algorithms.",
       title = "\textit{NP-completeness of Low-Diameter-Clustering}. \url{https://per.lindstrand.org/docs/adv_algo_3.pdf}",
       year = "2005",
}
