@misc{greekforgeeks,
       author = "GeeksforGeeks",
       title = "\url{https://www.geeksforgeeks.org/k-nearest-neighbours/}",
       year = "consultado el 4 de Abril de 2023",
}

@misc{ull,
	author = "José Alberto Pérez Melián",
	title = "\url{https://riull.ull.es/xmlui/bitstream/handle/915/631/Sistema%20inteligente%2C%20basado%20en%20metaheuristicas%2C%20para%20tareas%20logisticas%20en%20situaciones%20de%20emergencia.pdf?sequence=1&isAllowed=y}",
	year = "consultado el 7 de Abril de 2023",
}

@misc{runl,
	author = "Wout Megchelenbrink",
	title = "\url{https://www.ru.nl/publish/pages/769526/relief-based_feature_selection_in_bioinformatics_-_wout_megchelenbrink.pdf}",
	year = "consultado el 5 de Abril de 2023",
}

@misc{chatgpt,
	author = "OpenAI",
	title = "\url{https://chat.openai.com/}"
}

@misc{Stackoverflow,
	author = "Jeff Atwood",
	title = "\url{https://stackoverflow.com/}"
}
