@misc{greekforgeeks,
       author = "GeeksforGeeks",
       title = "\url{https://www.geeksforgeeks.org/simulated-annealing/}",
       year = "consultado el 1 de Junio de 2023",
}

@misc{ull,
	author = "Jason Brownlee",
	title = "\url{https://machinelearningmastery.com/iterated-local-search-from-scratch-in-python/}",
	year = "consultado el 2 de Junio de 2023",
}

@misc{runl,
	author = "Pierre Hansen",
	title="\url{https://www.researchgate.net/publication/306084902_Variable_neighborhood_search_basics_and_variants}",
	year = "consultado el 27 de Mayo de 2023",
}

@misc{chatgpt,
	author = "OpenAI",
	title = "\url{https://chat.openai.com/}"
}

@misc{Stackoverflow,
	author = "Jeff Atwood",
	title = "\url{https://stackoverflow.com/}"
}

@misc{prado,
	author = "Daniel Molina",
	title = "Diapositivas de seminario-teoria \url{https://pradogrado2223.ugr.es/}"
}
