@misc{mdadm,
	title = {Documentacion mdadm},
	author = {Linux Die net.},
	year = {consultado el 21 de Noviembre de 2022}, 	
	howpublished = "\url {https://linux.die.net/man/8/mdadm}"
}

@misc{mdstat,
	title = {Documentacion mdstat},
	author = {Kernel org.},
	year = {consultado el 21 de Noviembre de 2022}, 	
	howpublished = "\url {https://raid.wiki.kernel.org/index.php/Mdstat}"
}

@misc{guiaInstalacion,
	title = {Elige tu plataforma},
	author = {Zabbix SIA},
	year = {consultado el 19 de Noviembre de 2022}, 	
	howpublished = "\url {https://www.zabbix.com/la/download}"
}

@misc{zabbixUbuntu,
	title = {Elige tu plataforma Ubuntu},
	author = {Zabbix SIA},
	year = {consultado el 18 de Noviembre de 2022}, 	
	howpublished = "\url {https://www.zabbix.com/la/download?zabbix=5.0&os_distribution=ubuntu&os_version=20.04&components=server_frontend_agent&db=mysql&ws=apache}"
}

@misc{zabbixRocky,
	title = {Elige tu plataforma Rocky},
	author = {Zabbix SIA},
	year = {consultado el 19 de Noviembre de 2022}, 	
	howpublished = "\url {https://www.zabbix.com/la/download?zabbix=5.0&os_distribution=rocky_linux&os_version=9&components=agent&db=&ws=}"
}

@misc{zabbixKeys,
	title = {Guia de item keys},
	author ={Zabbix SIA},
	year = {consultado el 20 de Noviembre de 2022}, 	
	howpublished = "\url {https://www.zabbix.com/documentation/5.0/en/manual/config/items/itemtypes/zabbix_agent}"
}

@misc{ansibleguide,
	title = {Instalación de Ansible},
	author ={Ansible project contributors.},
	year = {consultado el 21 de Noviembre de 2022}, 	
	howpublished = "\url {https://docs.ansible.com/ansible/latest/user_guide/index.html}"
}

@misc{ansibleinstall,
	title = {Instalación de Ansible},
	author ={Ansible project contributors.},
	year = {consultado el 21 de Noviembre de 2022}, 	
	howpublished = "\url {https://docs.ansible.com/ansible/latest/installation_guide/installation_distros.html}"
}

@misc{ansiblebuiltin,
	title = {Modulos builtin},
	author ={Ansible project contributors.},
	year = {consultado el 21 de Noviembre de 2022}, 	
	howpublished = "\url {https://docs.ansible.com/ansible/latest/collections/ansible/builtin/index.html}"
}