@misc{openbenchmark,
	title = {Pagina de Benchmarking},
	author = {Phoronix Media.},
	year = {consultado el 18 de Diciembre de 2022}, 	
	howpublished = "\url {https://openbenchmarking.org/}"
}

@misc{smallpt,
	title = {Documentacion smallpt},
	author = {Kevin Beason.},
	year = {consultado el 16 de Diciembre de 2022}, 	
	howpublished = "\url {http://kevinbeason.com/smallpt/}"
}

@misc{ubuntuSmallpt,
	title = {Resultado smallpt en Ubuntu con 2 Núcleos},
	author = {Yeray L.},
	year = {realizado el 20 de Diciembre de 2022}, 	
	howpublished = "\url {https://openbenchmarking.org/result/2212200-NE-SMALLPTTE44}"
}

@misc{ubuntuStream,
	title = {Resultado stream en Ubuntu con 4GB de RAM},
	author = {Yeray L.},
	year = {realizado el 20 de Diciembre de 2022}, 	
	howpublished = "\url {https://openbenchmarking.org/result/2212193-NE-A1098051761}"
}

@misc{ubuntuPHPoc,
	title = {Resultado PHP optimizado en Ubuntu},
	author = {Yeray L.},
	year = {realizado el 18 de Diciembre de 2022}, 	
	howpublished = "\url {https://openbenchmarking.org/result/2212181-NE-PHPOCACCE69}"
}

@misc{streamWeb,
	title = {Página oficial de Stream},
	author = {John D. McCalpin.},
	year = {consultado el 17 de Diciembre de 2022}, 	
	howpublished = "\url {https://www.cs.virginia.edu/stream/}"
}

@misc{anfitrionStream,
	title = {Resultado stream en el Anfitrion con 10GB de RAM},
	author = {Yeray L.},
	year = {realizado el 20 de Diciembre de 2022}, 	
	howpublished = "\url {https://openbenchmarking.org/result/2212191-NE-RAMTEST3802}"
}

@misc{phpBench,
	title = {Fichero PHP de test zend},
	author = {php.net.},
	year = {consultado el 18 de Diciembre de 2022}, 	
	howpublished = "\url {https://github.com/php/php-src/blob/master/Zend/bench.php}"
}
@misc{phpMicroBench,
	title = {Fichero PHP de test zend},
	author = {php.net.},
	year = {consultado el 18 de Diciembre de 2022}, 	
	howpublished = "\url {https://github.com/php/php-src/blob/master/Zend/micro_bench.php}"
}

@misc{rockyPHP,
	title = {Resultado PHP en Rocky Linux 9},
	author = {Yeray L.},
	year = {realizado el 18 de Diciembre de 2022}, 	
	howpublished = "\url {https://openbenchmarking.org/result/2212186-NE-PHPTEST6957}"
}

@misc{anfitrionPHP,
	title = {Resultado PHP en el Anfitrion},
	author = {Yeray L.},
	year = {realizado el 18 de Diciembre de 2022}, 	
	howpublished = "\url {https://openbenchmarking.org/result/2212184-NE-PHPTEST6145}"
}

@misc{rephoronix,
	title = {Repositorio Oficial de Phoronix},
	author = {Phoronix Media.},
	year = {consultado el 12 de Diciembre de 2022}, 	
	howpublished = "\url {https://github.com/phoronix-test-suite/phoronix-test-suite}"
}

@misc{webphoronix,
	title = {Repositorio Oficial de Phoronix},
	author = {Phoronix SIA},
	year = {consultado el 12 de Diciembre de 2022}, 	
	howpublished = "\url {https://www.phoronix-test-suite.com/?k=downloads}"
}

@misc{jmeterWeb,
	title = {Web Oficial de Apache JMeter},
	author = {Apache HTTP.},
	year = {consultado el 13 de Diciembre de 2022}, 	
	howpublished = "\url {https://jmeter.apache.org/download_jmeter.cgi}"
}

@misc{repoISE,
	title = {Repo de la aplicación de la P4},
	author = {David Palomar.},
	year = {consultado el 11 de Diciembre de 2022}, 	
	howpublished = "\url {https://github.com/davidPalomar-ugr/iseP4JMeter}"
}